@article{dypra-stni,
    author = "Theler, G. and Mazzantini, O. and Schivo, M. and {Di Cesare}, J. and Garbero, R. and Rivero, M.",
    journal = "Science and Technology of Nuclear Installations",
    title = "{A coupled calculation suite for Atucha II operational transients analysis}",
    volume = "2011:785304",
    year = "2011",
    language = "english",
    hyphenation = "english",

}

@TechReport{handbook-dragon,
  author = "G. Marleau, A. Hébert and R. Roy",
  title = "A USER GUIDE FOR DRAGON VERSION5",
  institution = "Institut de génie nucléaire, Département de génie mécanique, École Polytechnique de Montréal",
  year = "2015",
  number = "IGE–335", 
  language = "english",
}

@TechReport{handbook-ganlib,
  author = "A. Hébert and R. Roy",
  title = "THE GANLIB5 KERNEL GUIDE",
  institution = "Institut de génie nucléaire, Département de génie mécanique, École Polytechnique de Montréal",
  year = "2016",
  number = "IGE–332", 
  language = "english",
}

@TechReport{geometria-dragon,
  author = "G. Marleau",
  title = "New Geometries Processing in DRAGON: The \texttt{NXT:} Module",
  institution = "Institut de génie nucléaire, Département de génie physique, École Polytechnique de Montréal",
  year = "201",
  number = "IGE–260", 
  language = "english",
}

@book{handbook-ingnuclear,
 author = "Cacuci, D. G.",
 title = "Handbook of Nuclear Engineering",
 publisher = "Spinger US",
 year = "2010",
 language = "english",
 hyphenation = "english",
 isbn="9780387981307"
}

@article{stability-nucengdes,
    author = "Theler, G. and Bonetto, F. J.",
    journal = "Nuclear Engineering and Design",
    month = jun,
    number = "6",
    pages = "1443--1449",
    title = "On the stability of the point reactor kinetics equations",
    volume = "240",
    year = "2010",
    language = "english",
    hyphenation = "english",
}

@article{stni-meshes,
  author = "G. Theler",
  title = "Unstructured Grids and the Multigroup Neutron Diffusion Equation",
  journal = "Science and Technology of Nuclear Installations",
  volume = "2014:641863",
  year = "2013",
  language = "english",
  hyphenation = "english",
}

@article{openmoc2014,
  author = "Boyd, William and Shaner, Samuel and Li, Lulu and Forget, Benoit and Smith, Kord",
  journal = "Annals of Nuclear Energy",
  title = "The OpenMOC Method of Characteristics Neutral Particle Transport Code",
  volume = "68",
  pages = "43--52",
  year = "2014"
}

@article{sood,
  title = "Analytical benchmark test set for criticality code verification",
  journal = "Progress in Nuclear Energy",
  volume = "42",
  number = "1",
  pages = "55 - 106",
  year = "2003",
  issn = "0149-1970",
  author = "Avneet Sood and R.Arthur Forster and D. Kent Parsons"
}

@article{Mazumdar,
title = "Solution of neutron transport equation by Method of Characteristics ",
journal = "Annals of Nuclear Energy ",
volume = "77",
pages = "522 - 535",
year = "2015",
issn = "0306-4549",
author = "Tanay Mazumdar and S.B. Degweker"
}

@article{hong,
title = "CRX: A code for rectangular and hexagonal lattices based on the method of characteristics",
journal = "Annals of Nuclear Energy",
volume = "25",
number = "8",
pages = "547 - 565",
year = "1998",
issn = "0306-4549",
author = "Ser Gi Hong and Nam Zin Cho",
}

@article{tabuchi,
author = "Akio   YAMAMOTO  and  Masato   TABUCHI  and  Naoki   SUGIMURA  and  Tadashi   USHIO  and  Masaaki   MORI",
title = "Derivation of Optimum Polar Angle Quadrature Set for the Method of Characteristics Based on Approximation Error for the Bickley Function",
journal = "Journal of Nuclear Science and Technology",
volume = "44",
number = "2",
pages = "129-136",
year = "2007",
issn =  "1881-1248"
}